@comment{x-kbibtex-personnameformatting=<%l><, %f>}

@article {BF,
    AUTHOR = {Behrend, K. and Fantechi, B.},
     TITLE = {The intrinsic normal cone},
   JOURNAL = {Invent. Math.},
  FJOURNAL = {Inventiones Mathematicae},
    VOLUME = {128},
      YEAR = {1997},
    NUMBER = {1},
     PAGES = {45--88},
      ISSN = {0020-9910},
   MRCLASS = {14F99 (14C15 14D20)},
  MRNUMBER = {1437495},
MRREVIEWER = {Tohru Nakashima},
       DOI = {10.1007/s002220050136},
       URL = {http://dx.doi.org/10.1007/s002220050136},
}

@incollection{CKL,
	author = "Cox, David A. and Katz, Sheldon and Lee, Yuan-Pin",
	booktitle = "{Advances in algebraic geometry motivated by physics ({L}owell, {MA}, 2000)}",
	doi = "10.1090/conm/276/04519",
	mrclass = "14N10 (14D20)",
	mrnumber = "1837116",
	pages = "157--166",
	publisher = "Amer. Math. Soc., Providence, RI",
	series = "{Contemp. Math.}",
	title = "{Virtual fundamental classes of zero loci}",
	url = "http://0-dx.doi.org.pugwash.lib.warwick.ac.uk/10.1090/conm/276/04519",
	volume = "276",
	year = "2001"
}

@article{CL,
	author = "Chang, Huai-Liang and Li, Jun",
	fjournal = "Journal of Differential Geometry",
	issn = "0022-040X",
	journal = "J. Differential Geom.",
	mrclass = "14N35 (53D45)",
	mrnumber = "3343833",
	mrreviewer = "Sergiy Koshkin",
	number = "2",
	pages = "251--299",
	title = "{An algebraic proof of the hyperplane property of the genus one {GW}-invariants of quintics}",
	url = "http://0-projecteuclid.org.pugwash.lib.warwick.ac.uk/euclid.jdg/1430744122",
	volume = "100",
	year = "2015"
}

@article {CoxRing,
    AUTHOR = {Cox, David A.},
     TITLE = {The homogeneous coordinate ring of a toric variety},
   JOURNAL = {J. Algebraic Geom.},
  FJOURNAL = {Journal of Algebraic Geometry},
    VOLUME = {4},
      YEAR = {1995},
    NUMBER = {1},
     PAGES = {17--50},
      ISSN = {1056-3911},
   MRCLASS = {14M25},
  MRNUMBER = {1299003},
MRREVIEWER = {Mina Teicher},
}

@article {CoxFunctor,
    AUTHOR = {Cox, David A.},
     TITLE = {The functor of a smooth toric variety},
   JOURNAL = {Tohoku Math. J. (2)},
  FJOURNAL = {The Tohoku Mathematical Journal. Second Series},
    VOLUME = {47},
      YEAR = {1995},
    NUMBER = {2},
     PAGES = {251--262},
      ISSN = {0040-8735},
   MRCLASS = {14M25},
  MRNUMBER = {1329523},
MRREVIEWER = {David Perkinson},
       DOI = {10.2748/tmj/1178225594},
       URL = {http://dx.doi.org/10.2748/tmj/1178225594},
}

@article{DM,
	author = "Deligne, P. and Mumford, D.",
	fjournal = "Institut des Hautes {\'E}tudes Scientifiques. Publications Math{\'e}matiques",
	issn = "0073-8301",
	journal = "Inst. Hautes {\'E}tudes Sci. Publ. Math.",
	mrclass = "14.20",
	mrnumber = "0262240",
	mrreviewer = "Manfred Herrmann",
	number = "36",
	pages = "75--109",
	title = "{The irreducibility of the space of curves of given genus}",
	year = "1969"
}

@article{HL,
	author = "Hu, Yi and Li, Jun",
	coden = "MAANA",
	doi = "10.1007/s00208-010-0504-8",
	fjournal = "Mathematische Annalen",
	issn = "0025-5831",
	journal = "Math. Ann.",
	mrclass = "14D23 (14D20 14E15)",
	mrnumber = "2721647",
	mrreviewer = "Cristina Mart{\'i}nez",
	number = "4",
	pages = "929--963",
	title = "{Genus-one stable maps, local equations, and {V}akil-{Z}inger's desingularization}",
	url = "http://0-dx.doi.org.pugwash.lib.warwick.ac.uk/10.1007/s00208-010-0504-8",
	volume = "348",
	year = "2010"
}

@article{KKP,
	author = "Kim, Bumsig and Kresch, Andrew and Pantev, Tony",
	coden = "JPAAA2",
	doi = "10.1016/S0022-4049(02)00293-1",
	fjournal = "Journal of Pure and Applied Algebra",
	issn = "0022-4049",
	journal = "J. Pure Appl. Algebra",
	mrclass = "14N35 (14C17 14J10)",
	mrnumber = "1958379",
	mrreviewer = "Kevin Joseph Costello",
	number = "1-2",
	pages = "127--136",
	title = "{Functoriality in intersection theory and a conjecture of {C}ox, {K}atz, and {L}ee}",
	url = "http://0-dx.doi.org.pugwash.lib.warwick.ac.uk/10.1016/S0022-4049(02)00293-1",
	volume = "179",
	year = "2003"
}

@incollection{KON,
	author = "Kontsevich, Maxim",
	booktitle = "{The moduli space of curves ({T}exel {I}sland, 1994)}",
	doi = "10.1007/978-1-4612-4264-2_12",
	mrclass = "14N10 (14D22 14L30)",
	mrnumber = "1363062",
	mrreviewer = "Anatoly Libgober",
	pages = "335--368",
	publisher = "Birkh{\"a}user Boston, Boston, MA",
	series = "{Progr. Math.}",
	title = "{Enumeration of rational curves via torus actions}",
	url = "http://0-dx.doi.org.pugwash.lib.warwick.ac.uk/10.1007/978-1-4612-4264-2_12",
	volume = "129",
	year = "1995"
}

@article{LZ,
	author = "Li, Jun and Zinger, Aleksey",
	coden = "PJMAAI",
	doi = "10.2140/pjm.2007.233.417",
	fjournal = "Pacific Journal of Mathematics",
	issn = "0030-8730",
	journal = "Pacific J. Math.",
	mrclass = "14N35 (14J32 53D45)",
	mrnumber = "2366383",
	mrreviewer = "Hsian-Hua Tseng",
	number = "2",
	pages = "417--480",
	title = "{Gromov-{W}itten invariants of a quintic threefold and a rigidity conjecture}",
	url = "http://0-dx.doi.org.pugwash.lib.warwick.ac.uk/10.2140/pjm.2007.233.417",
	volume = "233",
	year = "2007"
}

@article {Manolache-Pull,
    AUTHOR = {Manolache, Cristina},
     TITLE = {Virtual pull-backs},
   JOURNAL = {J. Algebraic Geom.},
  FJOURNAL = {Journal of Algebraic Geometry},
    VOLUME = {21},
      YEAR = {2012},
    NUMBER = {2},
     PAGES = {201--245},
      ISSN = {1056-3911},
   MRCLASS = {14C15 (14A20 14N35)},
  MRNUMBER = {2877433},
MRREVIEWER = {Hsian-Hua Tseng},
       DOI = {10.1090/S1056-3911-2011-00606-1},
       URL = {http://dx.doi.org/10.1090/S1056-3911-2011-00606-1},
}

@article {Manolache-Push,
    AUTHOR = {Manolache, Cristina},
     TITLE = {Virtual push-forwards},
   JOURNAL = {Geom. Topol.},
  FJOURNAL = {Geometry \& Topology},
    VOLUME = {16},
      YEAR = {2012},
    NUMBER = {4},
     PAGES = {2003--2036},
      ISSN = {1465-3060},
   MRCLASS = {14C15 (14A20 14N35)},
  MRNUMBER = {2975298},
MRREVIEWER = {Ruifang Song},
       DOI = {10.2140/gt.2012.16.2003},
       URL = {http://dx.doi.org/10.2140/gt.2012.16.2003},
}

@article{SMY1,
	author = "Smyth, David Ishii",
	doi = "10.1112/S0010437X10005014",
	fjournal = "Compositio Mathematica",
	issn = "0010-437X",
	journal = "Compos. Math.",
	mrclass = "14D23 (14H10)",
	mrnumber = "2801404",
	mrreviewer = "Concettina Galati",
	number = "3",
	pages = "877--913",
	title = "{Modular compactifications of the space of pointed elliptic curves {I}}",
	url = "http://0-dx.doi.org.pugwash.lib.warwick.ac.uk/10.1112/S0010437X10005014",
	volume = "147",
	year = "2011"
}

@article{SMY2,
	author = "Smyth, David Ishii",
	doi = "10.1112/S0010437X11005549",
	fjournal = "Compositio Mathematica",
	issn = "0010-437X",
	journal = "Compos. Math.",
	mrclass = "14H10 (14D23 14E30 14H52)",
	mrnumber = "2862065",
	mrreviewer = "Hsian-Hua Tseng",
	number = "6",
	pages = "1843--1884",
	title = "{Modular compactifications of the space of pointed elliptic curves {II}}",
	url = "http://0-dx.doi.org.pugwash.lib.warwick.ac.uk/10.1112/S0010437X11005549",
	volume = "147",
	year = "2011"
}

@article{Vre,
	author = "Vakil, Ravi",
	coden = "JRMAA8",
	doi = "10.1515/crll.2000.094",
	fjournal = "Journal f{\"u}r die Reine und Angewandte Mathematik",
	issn = "0075-4102",
	journal = "J. Reine Angew. Math.",
	mrclass = "14N10 (14H10 14N35)",
	mrnumber = "1799935",
	mrreviewer = "Gilberto Bini",
	pages = "101--153",
	title = "{The enumerative geometry of rational and elliptic curves in projective space}",
	url = "http://0-dx.doi.org.pugwash.lib.warwick.ac.uk/10.1515/crll.2000.094",
	volume = "529",
	year = "2000"
}

@article{VZ,
	author = "Vakil, Ravi and Zinger, Aleksey",
	doi = "10.2140/gt.2008.12.1",
	fjournal = "Geometry \& Topology",
	issn = "1465-3060",
	journal = "Geom. Topol.",
	mrclass = "14D20 (14N35)",
	mrnumber = "2377245",
	mrreviewer = "Charles D. Cadman",
	number = "1",
	pages = "1--95",
	title = "{A desingularization of the main component of the moduli space of genus-one stable maps into {$\mathbb P^n$}}",
	url = "http://0-dx.doi.org.pugwash.lib.warwick.ac.uk/10.2140/gt.2008.12.1",
	volume = "12",
	year = "2008"
}

@article{VZpreview,
	author = "Vakil, Ravi and Zinger, Aleksey",
	doi = "10.1090/S1079-6762-07-00174-6",
	fjournal = "Electronic Research Announcements of the American Mathematical Society",
	issn = "1079-6762",
	journal = "Electron. Res. Announc. Amer. Math. Soc.",
	mrclass = "14C05 (14D20 14H10 14N35)",
	mrnumber = "2320682",
	mrreviewer = "Cristina Mart{\'i}nez",
	pages = "53--59",
	title = "{A natural smooth compactification of the space of elliptic curves in projective space}",
	url = "http://0-dx.doi.org.pugwash.lib.warwick.ac.uk/10.1090/S1079-6762-07-00174-6",
	volume = "13",
	year = "2007"
}

@article{VISC,
	author = "Viscardi, Michael",
	doi = "10.1007/s00229-011-0513-2",
	fjournal = "Manuscripta Mathematica",
	issn = "0025-2611",
	journal = "Manuscripta Math.",
	mrclass = "14D23 (14H10)",
	mrnumber = "2959678",
	mrreviewer = "Jonathan Wise",
	number = "1-2",
	pages = "201--236",
	title = "{Alternate compactifications of the moduli space of genus one maps}",
	url = "http://0-dx.doi.org.pugwash.lib.warwick.ac.uk/10.1007/s00229-011-0513-2",
	volume = "139",
	year = "2012"
}

@misc{stacks-project,
	author = "{Stacks Project Authors}, The",
	howpublished = "\url{http://stacks.math.columbia.edu}",
	shorthand = "Stacks",
	title = "{\itshape Stacks Project}",
	year = "2017"
}

@article{CONR,
	author = "Conrad, Brian",
	doi = "10.1017/S1474748006000089",
	fjournal = "Journal of the Institute of Mathematics of Jussieu. JIMJ. Journal de l'Institut de Math{\'e}matiques de Jussieu",
	issn = "1474-7480",
	journal = "J. Inst. Math. Jussieu",
	mrclass = "11G18 (11F25 14G22)",
	mrnumber = "2311664",
	mrreviewer = "Mihran Papikian",
	number = "2",
	pages = "209--278",
	title = "{Arithmetic moduli of generalized elliptic curves}",
	url = "http://dx.doi.org/10.1017/S1474748006000089",
	volume = "6",
	year = "2007"
}

@book{HAR,
	author = "Hartshorne, Robin",
	isbn = "0-387-90244-9",
	mrclass = "14-01",
	mrnumber = "0463157",
	mrreviewer = "Robert Speiser",
	note = "Graduate Texts in Mathematics, No. 52",
	pages = "xvi+496",
	publisher = "Springer-Verlag, New York-Heidelberg",
	title = "{Algebraic geometry}",
	year = "1977"
}

@book{FUL,
	author = "Fulton, William",
	doi = "10.1007/978-1-4612-1700-8",
	edition = "Second",
	isbn = "3-540-62046-X; 0-387-98549-2",
	mrclass = "14C17 (14-02)",
	mrnumber = "1644323",
	pages = "xiv+470",
	publisher = "Springer-Verlag, Berlin",
	series = "{Ergebnisse der Mathematik und ihrer Grenzgebiete. 3. Folge. A Series of Modern Surveys in Mathematics [Results in Mathematics and Related Areas. 3rd Series. A Series of Modern Surveys in Mathematics]}",
	title = "{Intersection theory}",
	url = "http://dx.doi.org/10.1007/978-1-4612-1700-8",
	volume = "2",
	year = "1998"
}

@article{CL-pfields,
	author = "Chang, Huai-Liang and Li, Jun",
	doi = "10.1093/imrn/rnr186",
	fjournal = "International Mathematics Research Notices. IMRN",
	issn = "1073-7928",
	journal = "Int. Math. Res. Not. IMRN",
	mrclass = "14N35 (53D45)",
	mrnumber = "2975379",
	mrreviewer = "Artan Sheshmani",
	number = "18",
	pages = "4163--4217",
	title = "{Gromov-{W}itten invariants of stable maps with fields}",
	url = "http://dx.doi.org/10.1093/imrn/rnr186",
	year = "2012"
}

@article{CF-K,
	author = "Ciocan-Fontanine, Ionu\c t and Kim, Bumsig",
	doi = "10.1016/j.aim.2010.05.023",
	fjournal = "Advances in Mathematics",
	issn = "0001-8708",
	journal = "Adv. Math.",
	mrclass = "14N35 (14D23 14M25)",
	mrnumber = "2729000",
	mrreviewer = "I. Dolgachev",
	number = "6",
	pages = "3022--3051",
	title = "{Moduli stacks of stable toric quasimaps}",
	url = "http://dx.doi.org/10.1016/j.aim.2010.05.023",
	volume = "225",
	year = "2010"
}

@article{CF-K-wallcrossing,
	author = "Ciocan-Fontanine, Ionu\c t and Kim, Bumsig",
	fjournal = "Algebraic Geometry",
	issn = "2214-2584",
	journal = "Algebr. Geom.",
	mrclass = "14N35 (14D23 14L24)",
	mrnumber = "3272909",
	mrreviewer = "Sergiy Koshkin",
	number = "4",
	pages = "400--448",
	title = "{Wall-crossing in genus zero quasimap theory and mirror maps}",
	url = "http://dx.doi.org/10.14231/AG-2014-019",
	volume = "1",
	year = "2014"
}

@article{Ga,
	author = "Gathmann, Andreas",
	doi = "10.1215/S0012-7094-02-11521-X",
	fjournal = "Duke Mathematical Journal",
	issn = "0012-7094",
	journal = "Duke Math. J.",
	mrclass = "14N35 (14H10 14J70 14N10)",
	mrnumber = "1944571",
	mrreviewer = "Domenico Fiorenza",
	number = "2",
	pages = "171--203",
	title = "{Absolute and relative {G}romov-{W}itten invariants of very ample hypersurfaces}",
	url = "http://dx.doi.org/10.1215/S0012-7094-02-11521-X",
	volume = "115",
	year = "2002"
}

@article{Ga-MF,
	author = "Gathmann, Andreas",
	doi = "10.1007/s00208-002-0345-1",
	fjournal = "Mathematische Annalen",
	issn = "0025-5831",
	journal = "Math. Ann.",
	mrclass = "14N35 (14N10)",
	mrnumber = "1962055",
	mrreviewer = "Kevin Joseph Costello",
	number = "2",
	pages = "393--412",
	title = "{Relative {G}romov-{W}itten invariants and the mirror formula}",
	url = "http://dx.doi.org/10.1007/s00208-002-0345-1",
	volume = "325",
	year = "2003"
}

@book{ACG-II,
	author = "Arbarello, Enrico and Cornalba, Maurizio and Griffiths, Pillip A.",
	doi = "10.1007/978-3-540-69392-5",
	isbn = "978-3-540-42688-2",
	mrclass = "14H10 (32G15)",
	mrnumber = "2807457",
	mrreviewer = "E. Looijenga",
	note = "With a contribution by Joseph Daniel Harris",
	pages = "xxx+963",
	publisher = "Springer, Heidelberg",
	series = "{Grundlehren der Mathematischen Wissenschaften [Fundamental Principles of Mathematical Sciences]}",
	title = "{Geometry of algebraic curves. {V}olume {II}}",
	url = "http://dx.doi.org/10.1007/978-3-540-69392-5",
	volume = "268",
	year = "2011"
}

